@report{HEVC,
author = {{ISO/IEC JTC 1/SC 29/WG 11}},
institution = {ITU-T H.265},
pages = {317},
title = {{High efficiency video coding}},
year = {2013},
revision = "1.0",
type = "Recommendation",
}

@report{H264,
author = {{ITU-T SG16 Q.6 and ISO/IEC JTC 1/SC 29/WG 11}},
institution = {International Telecommunications Union},
title = {{ITU-T} Recommendation {H.264}: Advanced video coding for generic audiovisual services},
year = {2003},
revision = "1.0",
}

@ARTICLE{MVC, 
author={Vetro, A. and Wiegand, T. and Sullivan, G.J.}, 
journal={Proceedings of the IEEE}, 
title={Overview of the Stereo and Multiview Video Coding Extensions of the {H.264}/{MPEG-4} {AVC} Standard}, 
year={2011}, 
month={April}, 
volume={99}, 
number={4}, 
pages={626-642}, 
keywords={data compression;stereo image processing;video cameras;video coding;Blu-Ray Disc Association;H.264/MPEG-4 AVC standard;ISO/IEC Moving Picture Experts Group;ITU-T Video Coding Experts Group;advanced video coding;multiview video coding;stereo video coding;stereo-view video;supplemental enhancement information;video cameras;video compression;video scene;Audio-visual systems;Automatic voltage control;Bit rate;Decoding;Encoding;Three dimensional displays;Transform coding;Video coding;3-D video;Advanced video coding (AVC);Blu-Ray disc;H.264;MPEG-4;inter-view prediction;multiview video coding (MVC);standards;stereo video}, 
doi={10.1109/JPROC.2010.2098830}, 
ISSN={0018-9219},}

@article{Sullivan2012,
author = {Sullivan, Gary J. and Ohm, Jens-Rainer and Han, Woo-Jin and Wiegand, Thomas},
journal = {IEEE Transactions on Circuits and Systems for Video Technology},
keywords = {HEVC,Overview},
number = {12},
pages = {1649--1668},
title = {{Overview of the high efficiency video coding ({HEVC}) standard}},
volume = {22},
year = {2012},
month={Dec},
doi={10.1109/TCSVT.2012.2221191}, 
ISSN={1051-8215}
}

@article{Li1995,
author = {Li, W. and Salari, E.},
doi = {10.1109/83.350809},
issn = {1057-7149},
journal = {IEEE Transactions on Image Processing},
month = jan,
number = {1},
pages = {105--7},
pmid = {18289963},
title = {{Successive elimination algorithm for motion estimation}},
volume = {4},
year = {1995}
}

@article{Coban1998,
author = {Coban, M.Z. and Mersereau, R.M.},
doi = {10.1109/83.668031},
issn = {1057-7149},
journal = {IEEE Transactions on Image Processing},
month = may,
number = {5},
pages = {769--773},
pmid = {18276290},
title = {{A fast exhaustive search algorithm for rate-constrained motion estimation}},
volume = {7},
year = {1998}
}

@article{Yang2004,
author={Yang, M. and Cui, H. and Tang, K.}, 
journal={Vision, Image and Signal Processing, IEE Proceedings}, 
title={Efficient tree structured motion estimation using successive elimination}, 
year={2004}, 
month={Oct}, 
volume={151}, 
number={5}, 
pages={369-377}, 
keywords={computational complexity;image matching;motion estimation;search problems;video coding;H.264;block matching;computational complexity;motion vector;successive elimination algorithm;successive elimination diamond search;tree structured motion estimation}, 
doi={10.1049/ip-vis:20040720}, 
ISSN={1350-245X},
}

@INPROCEEDINGS{Toivonen2004,
author={Toivonen, T. and Heikkila, J.}, 
booktitle="2004 IEEE International Conference on Image Processing (ICIP 2004)",
title={Fast full search block motion estimation for {{H.264/AVC}} with multilevel successive elimination algorithm}, 
ADDRESS="Singapore",
year={2004},
month = oct,
pages={1485-1488}, 
keywords={code standards;minimisation;motion estimation;video coding;AVC video coding standard;H.264 video coding standard;fast full search block motion estimation;multilevel successive elimination algorithm;Automatic voltage control;Bit rate;Costs;Degradation;Encoding;Lagrangian functions;Machine vision;Motion estimation;Video coding;Yield estimation}, 
doi={10.1109/ICIP.2004.1421345}, 
ISSN={1522-4880},
}

@techreport{McCann2014,
address = {Strasbourg, France},
author = {{Ken McCann} and Rosewarne, Chris and Bross, Benjamin and Naccari, Matteo and Sharman, Karl and Sullivan, Gary J},
booktitle = {JCTVC-S1002},
institution = {Joint Collaborative Team on Video Coding (JCT-VC) of ITU-T SG16 WP3 and ISO/IEC JTC1/SC29/WG11},
keywords = {HEVC,Standard doc},
number = {October},
title = {High Efficiency Video Coding ({{HEVC}}) Test Model 16 ({{HM}} 16) Improved Encoder Description},
year = {2014}
}


@INPROCEEDINGS{Trud14,
AUTHOR="Luc Trudeau and Stéphane Coulombe and Christian Desrosiers",
TITLE="Rate {distortion-based} motion estimation search ordering for
{rate-constrained} successive elimination algorithms",
BOOKTITLE="2014 IEEE International Conference on Image Processing (ICIP 2014)",
ADDRESS="Paris, France",
PAGES="3175-3179",
DAYS=27,
MONTH=oct,
YEAR=2014,
doi={10.1109/ICIP.2014.7025642}
}

@INPROCEEDINGS{Trud15,
AUTHOR="Luc Trudeau and Stéphane Coulombe and Christian Desrosiers",
TITLE="An Adaptive Search Ordering For Rate-Constrained Successive Elimination Algorithms",
BOOKTITLE="2015 IEEE International Conference on Image Processing (ICIP 2015)",
ADDRESS="Québec, Canada",
%PAGES="3175-3179",
DAYS=27,
MONTH=sept,
YEAR=2015,
%doi={10.1109/ICIP.2014.7025642}
}

@book{intelsys,
	author        = {{Intel Corporation}},
	title         = {{Intel\textsuperscript{\textregistered} 64 and IA-32 Architectures Software Developer's Manual}},
	year          = {2009},
	month         = {December},
	number        = {253669-033US},
}

@book{Warren2002,
 author = {Warren, Henry S.},
 title = {Hacker's Delight},
 year = {2002},
 isbn = {0201914654},
 publisher = {Addison-Wesley Longman Publishing Co., Inc.},
 address = {Boston, MA, USA},
}

@ARTICLE{Tourapis2002,
author = {Tourapis, A.M.},
title = {Enhanced predictive zonal search for single and multiple frame motion estimation},
journal = {Proc. SPIE Visual Communications and Image Processing},
volume = {4671},
number = {},
pages = {1069-1079},
year = {2002},
doi = {10.1117/12.453031},
}

@ARTICLE{Tourapis2000,
author = {Tourapis, A.M. and Au, O.C. and Liou, M.L.},
title = {Predictive motion vector field adaptive search technique ({PMVFAST}): enhancing block-based motion estimation},
journal = {Proc. SPIE Visual Communications and Image Processing},
volume = {4310},
number = {},
pages = {883-892},
year = {2001},
doi = {10.1117/12.411871},
}

@article{Zhu2005a,
author = {Zhu, C. and Qi, W.-S. and Ser, W.},
issn = {1057-7149},
journal = {IEEE Transactions on Image Processing},
month = feb,
number = {2},
pages = {213--221},
pmid = {15700526},
title = {{Predictive fine granularity successive elimination for fast optimal block-matching motion estimation}},
volume = {14},
year = {2005}
}

@article{Bossen2014,
author = {Bossen, Frank},
file = {:Users/ltrudeau/Documents/Mendeley Desktop/JCTVC-L1100.pdf:pdf},
institution = {Joint Collaborative Team on Video Coding (JCT-VC) of ITU-T SG16 WP3 and ISO/IEC JTC1/SC29/WG1},
journal = {Joint Collaborative Team on Video Coding (JCT-VC) of ITU-T SG16 WP3 and ISO/IEC JTC1/SC29/WG1},
keywords = {Standard doc,cement-based,compact tension,crack growth,fracture energy,wedge-splitting test},
mendeley-tags = {Standard doc},
number = {12th Meeting: Geneva},
pages = {1--10},
title = {{Common test conditions and software reference configurations Output}},
volume = {JCTVC-L110},
year = {2013}
}

@report{JM,
month = may,
institution = {Joint Video Team (JVT) of ISO/IEC MPEG \& ITU-T VCEG},
note = {version 18.5},
title = {{{H.264}/{AVC} {JM} Reference Software}},
year = {2013}
}

@inproceedings{Cai2010,
author = {Cai, Jing and Pan, W. David},
booktitle = {ICASSP, IEEE International Conference on Acoustics, Speech and Signal Processing - Proceedings},
doi = {10.1109/ICASSP.2010.5495384},
file = {:Users/ltrudeau/Documents/Mendeley Desktop/05495384.pdf:pdf},
isbn = {9781424442966},
issn = {15206149},
keywords = {Fast full search block matching algorithms,MSEA,Motion estimation,Multiple passes},
number = {1},
pages = {1190--1193},
title = {{Fast exhaustive-search motion estimation based on accelerated multilevel successive elimination algorithm with multiple passes}},
year = {2010}
}

@misc{MatlabYUV,
author       = {Sprljan, Nikola},
title        = {{MATLAB} {YUV} Toolbox},
year         = {2012}
} 

@misc{Matlab2Tikz,
  author       = {Nico Schlömer and
                  Egon Geerardyn and
                  Peter Pablo and
                  Oleg Komarov and
                  LJeub and
                  Klaus Broelemann and
                  nidrosianDeath and
                  Patrick Häcker and
                  Aikhjarto and
                  theswitch and
                  josombio and
                  akloeckner and
                  Matt Bauman and
                  Martin Kiefel and
                  karih and
                  Eshwar Andhavarapu and
                  Ali Ozdagli},
  title        = {matlab2tikz 1.0.0},
  month        = jun,
  year         = 2015,
  doi          = {10.5281/zenodo.18605},
}

@report{Bjontegaard2001,
author = {Bjøntegaard, Gisle},
institution = {Video Coding Experts Group (VCEG) of ITU-T},
number = {{VCEG-M33}, 13th Meeting: Austin, Texas, USA},
pages = {1--4},
title = {Calculation of average {{PSNR}} differences between {{RD-curves}}},
year = {2001}
}

@book{Richardson2010,
 author = {Richardson, Iain E.},
 title = {The H.264 Advanced Video Compression Standard},
 year = {2010},
 isbn = {0470516925, 9780470516928},
 edition = {2nd},
 publisher = {Wiley Publishing},
} 

@book{Cormen2001,
 author = {Cormen, Thomas H. and Stein, Clifford and Rivest, Ronald L. and Leiserson, Charles E.},
 title = {Introduction to Algorithms},
 year = {2001},
 isbn = {0070131511},
 edition = {2nd},
 publisher = {McGraw-Hill Higher Education},
}

@book{turaev2010,
  title={Quantum Invariants of Knots and 3-manifolds},
  author={Turaev, V.G.},
  isbn={9783110221831},
  lccn={2010483793},
  series={De Gruyter studies in mathematics},
  year={2010},
  publisher={New York}
}